<?xml version="1.0" encoding="UTF-8"?><record xmlns="http://www.loc.gov/MARC21/slim" xmlns:cinclude="http://apache.org/cocoon/include/1.0" xmlns:zs="http://www.loc.gov/zing/srw/">
  <leader>00523nz  a2200121n  4500</leader>
  <controlfield tag="001">n 2001105269</controlfield>
  <controlfield tag="003">DLC</controlfield>
  <controlfield tag="005">20010509112435.0</controlfield>
  <controlfield tag="008">010509n| acannaabn          |n ana      </controlfield>
  <datafield tag="010" ind1=" " ind2=" ">
    <subfield code="a">n 2001105269</subfield>
  </datafield>
  <datafield tag="040" ind1=" " ind2=" ">
    <subfield code="a">DLC</subfield>
    <subfield code="b">eng</subfield>
    <subfield code="c">DLC</subfield>
  </datafield>
  <datafield tag="110" ind1="2" ind2="0">
    <subfield code="a">Akademia Ekonomiczna imienia Oskara Langego we Wrocławiu.</subfield>
    <subfield code="b">Katedra Zarządzania Strategicznego i Logistyki</subfield>
  </datafield>
  <datafield tag="670" ind1=" " ind2=" ">
    <subfield code="a">Źródła sukcesów i porażek przedsiębiorstw, 2000:</subfield>
    <subfield code="b">t.p. (Katedrę Zarządzania Strategicznego i Logistyki Akademii Ekonomicznej im. Oskara Langego we Wrocławiu)</subfield>
  </datafield>
</record>